
@book{don-norman,
	abstract = {First, businesses discovered quality as a key competitive edge; next came service. This title reveals how smart design is the next competitive frontier. 'The Design of Everyday Things' is a primer on how and why some products satisfy customers while others only frustrate them.},
	added-at = {2012-09-28T16:01:03.000+0200},
	address = {New York},
	author = {Norman, Donald A.},
	biburl = {https://www.bibsonomy.org/bibtex/2e51bef4e8b0c0ea3c13e8b5e6a561bed/schmidt2},
	description = {The Design of Everyday Things: Amazon.de: Don Norman: Englische Bücher},
	interhash = {c6fd1560a6892285580779b96140f88c},
	intrahash = {e51bef4e8b0c0ea3c13e8b5e6a561bed},
	isbn = {0465067107 9780465067107},
	keywords = {books design lang:en product_design toread ui usability ux},
	publisher = {Basic Books},
	refid = {215302602},
	timestamp = {2012-09-28T16:01:03.000+0200},
	title = {The design of everyday things},
	url = {http://www.amazon.de/The-Design-Everyday-Things-Norman/dp/0465067107/ref=wl_it_dp_o_pC_S_nC?ie=UTF8&colid=151193SNGKJT9&coliid=I262V9ZRW8HR2C},
	year = 2002
}



@inproceedings{SPA-overview,
	year = {2018},
	title = {The What and How of Smart Personal Assistants: Principles and Application Domains for IS Research},
	author = {Robin Knote and Andreas Janson and Laura Eigenbrod and Matthias S{\"o}llner},
	booktitle = {Multikonferenz Wirtschaftsinformatik (MKWI)},
	keywords = {Context-Awareness, Literature Review, Smart Personal Assistants},
	url = {https://www.alexandria.unisg.ch/252796/},
	abstract = {ARRAY(0x55fb31ba9f38)}
}
@book{Dey-Abwod,
	Author = {H.Gellersen},
	Title = {Handheld and Ubiquitous Computing: First International Symposium, HUC'99, Karlsruhe, Germany, September 27-29, 1999, Proceedings (Lecture Notes in Computer Science)},
	Publisher = {Springer},
	Year = {1999},
	ISBN = {3540665501},
	URL = {https://www.amazon.com/Handheld-Ubiquitous-Computing-International-Proceedings/dp/3540665501?SubscriptionId=AKIAIOBINVZYXZQZ2U3A&tag=chimbori05-20&linkCode=xm2&camp=2025&creative=165953&creativeASIN=3540665501}
}

@misc{GAlayout,
	author = {},
	title = {Understanding the Differences Between Alexa, API.ai, WIT.ai, and LUIS/Cortana},
	howpublished = {\url{https://medium.com/@abraham.kang/understanding-the-differences-between-alexa-api-ai-wit-ai-and-luis-cortana-2404ece0977c}},
	month = {},
	year = {},
	note = {(Accessed on 10/29/2018)}
}

@inproceedings{Dingler2016,
	doi = {10.1145/2968219.2968565},
	url = {https://doi.org/10.1145/2968219.2968565},
	year  = {2016},
	publisher = {{ACM} Press},
	author = {Tilman Dingler},
	title = {Cognition-aware systems as mobile personal assistants},
	booktitle = {Proceedings of the 2016 {ACM} International Joint Conference on Pervasive and Ubiquitous Computing Adjunct - {UbiComp} {\textquotesingle}16}
}

@inproceedings{Luger2016,
	doi = {10.1145/2858036.2858288},
	url = {https://doi.org/10.1145/2858036.2858288},
	year  = {2016},
	publisher = {{ACM} Press},
	author = {Ewa Luger and Abigail Sellen},
	title = {"Like Having a Really Bad {PA}"},
	booktitle = {Proceedings of the 2016 {CHI} Conference on Human Factors in Computing Systems - {CHI} {\textquotesingle}16}
}
@book{virtualbutler,
	doi = {10.1007/978-3-642-37346-6},
	url = {https://doi.org/10.1007/978-3-642-37346-6},
	year  = {2013},
	publisher = {Springer Berlin Heidelberg},
	editor = {Robert Trappl},
	title = {Your Virtual Butler}
}
@inproceedings{alexabff,
	doi = {10.1145/3027063.3053246},
	url = {https://doi.org/10.1145/3027063.3053246},
	year  = {2017},
	publisher = {{ACM} Press},
	author = {Amanda Purington and Jessie G. Taft and Shruti Sannon and Natalya N. Bazarova and Samuel Hardman Taylor},
	title = {"Alexa is my new {BFF}"},
	booktitle = {Proceedings of the 2017 {CHI} Conference Extended Abstracts on Human Factors in Computing Systems  - {CHI} {EA} {\textquotesingle}17}
}
@inproceedings{Cowan2017,
	doi = {10.1145/3098279.3098539},
	url = {https://doi.org/10.1145/3098279.3098539},
	year  = {2017},
	publisher = {{ACM} Press},
	author = {Benjamin R. Cowan and Nadia Pantidi and David Coyle and Kellie Morrissey and Peter Clarke and Sara Al-Shehri and David Earley and Natasha Bandeira},
	title = {"What can i help you with?"},
	booktitle = {Proceedings of the 19th International Conference on Human-Computer Interaction with Mobile Devices and Services  - {MobileHCI} {\textquotesingle}17}
}
@misc{siriDemo,
	author = {},
	title = {Apple shares examples of Siri's third-party app integration on iOS 10},
	howpublished = {\url{https://www.idownloadblog.com/2016/09/01/apple-siri-ios-10-app-integration/}},
	month = {},
	year = {},
	note = {(Accessed on 10/29/2018)}
}
@misc{macossiridemo,
	author = {},
	title = {macOS Sierra Review: Hey Siri, where did my files go? - Six Colors},
	howpublished = {\url{https://sixcolors.com/post/2016/09/sierra-review/}},
	month = {},
	year = {2016},
	note = {(Accessed on 10/29/2018)}
}

@book{RussellAgent,
 author = {Russell, Stuart J. and Norvig, Peter},
 title = {Artificial Intelligence: A Modern Approach},
 year = {2003},
 isbn = {0137903952},
 edition = {2},
 publisher = {Pearson Education},
} 

@inproceedings{Imtiaz2014,
  doi = {10.1109/etfa.2014.7005273},
  url = {https://doi.org/10.1109/etfa.2014.7005273},
  year  = {2014},
  month = {sep},
  publisher = {{IEEE}},
  author = {Jahanzaib Imtiaz and Nils Koch and Holger Flatt and Jurgen Jasperneite and Michael Voit and Florian van de Camp},
  title = {A flexible context-aware assistance system for industrial applications using camera based localization},
  booktitle = {Proceedings of the 2014 {IEEE} Emerging Technology and Factory Automation ({ETFA})}
}
@inproceedings{ENGAGINGTA,
  title={ENGAGING THE APPROPRIATION OF TECHNOLOGY-MEDIATED LEARNING SERVICES – A THEORY-DRIVEN DESIGN APPROACH Research in Progress},
  author={},
  year={2015}
}
