@article{article,
author = {A. Rummery, G and Niranjan, Mahesan},
year = {1994},
month = {11},
pages = {},
title = {On-Line Q-Learning Using Connectionist Systems},
journal = {Technical Report CUED/F-INFENG/TR 166}
}