@article{article,
author = {Kotsiantis, Sotiris and Zaharakis, I and Pintelas, P},
year = {2006},
month = {11},
pages = {159-190},
title = {Machine learning: A review of classification and combining techniques},
volume = {26},
journal = {Artificial Intelligence Review},
doi = {10.1007/s10462-007-9052-3}
}