@inproceedings{inproceedings,
author = {Knote, Robin and Janson, Andreas and Eigenbrod, Laura and SÃ¶llner, Matthias},
year = {2018},
month = {03},
pages = {},
title = {The What and How of Smart Personal Assistants: Principles and Application Domains for IS Research}
}