@inbook{inbook,
author = {Tulshan, Amrita and Namdeorao Dhage, Sudhir},
year = {2019},
month = {01},
pages = {190-201},
title = {Survey on Virtual Assistant: Google Assistant, Siri, Cortana, Alexa: 4th International Symposium SIRS 2018, Bangalore, India, September 19â€“22, 2018, Revised Selected Papers},
isbn = {978-981-13-5757-2},
doi = {10.1007/978-981-13-5758-9_17}
}