@inproceedings{inproceedings,
author = {Deng, li and Hinton, Geoffrey and Kingsbury, Brian},
year = {2013},
month = {10},
pages = {8599-8603},
title = {New types of deep neural network learning for speech recognition and related applications: An overview},
journal = {Acoustics, Speech, and Signal Processing, 1988. ICASSP-88., 1988 International Conference on},
doi = {10.1109/ICASSP.2013.6639344}
}