@article{article,
author = {Glass, R and Kyle Mccandless, Michael},
year = {1994},
month = {10},
pages = {},
title = {Automatic Acquisition of Language Models for Speech Recognition}
}