@article{unsupervised_learning,
author = {Barlow, H.B.},
title = {Unsupervised Learning},
journal = {Neural Computation},
volume = {1},
number = {3},
pages = {295-311},
year = {1989},
doi = {10.1162/neco.1989.1.3.295},

URL = { 
        https://doi.org/10.1162/neco.1989.1.3.295
    
},
eprint = { 
        https://doi.org/10.1162/neco.1989.1.3.295
    
}
}


