@article{article,
author = {M Mitchell, Tom},
year = {2006},
month = {01},
pages = {},
title = {The Discipline of Machine Learning}
}