@article{article,
author = {Rahali, Hajer and Hajaiej, Zied and Ellouze, Noureddine},
year = {2014},
month = {10},
pages = {17-24},
title = {Robust Features for Speech Recognition using Temporal Filtering Technique in the Presence of Impulsive Noise},
volume = {6},
journal = {International Journal of Image, Graphics and Signal Processing},
doi = {10.5815/ijigsp.2014.11.03}
}