@inproceedings{inproceedings,
author = {Milhorat, Pierrick and Schl√∂gl, Stephan and Chollet, Gerard and , Boudy and Esposito, Anna and Pelosi, G},
year = {2014},
month = {03},
pages = {},
title = {Building the Next Generation of Personal Digital Assistants},
journal = {2014 1st International Conference on Advanced Technologies for Signal and Image Processing, ATSIP 2014},
doi = {10.1109/ATSIP.2014.6834655}
}