@inproceedings{inproceedings,
author = {Al-Anzi, Fawaz and AbuZeina, Dia},
year = {2018},
month = {03},
pages = {1-6},
title = {Literature Survey of Arabic Speech Recognition},
doi = {10.1109/ICCSE1.2018.8374215}
}