@inproceedings{inproceedings,
author = {Bloit, Julien and Rodet, Xavier},
year = {2008},
month = {05},
pages = {2121 - 2124},
title = {Short-time Viterbi for online HMM decoding: Evaluation on a real-time phone recognition task},
doi = {10.1109/ICASSP.2008.4518061}
}